@incollection{terzi2014text,
  title={Text-based user-knn: Measuring user similarity based on text reviews},
  author={Terzi, Maria and Rowe, Matthew and Ferrario, Maria-Angela and Whittle, Jon},
  booktitle={User Modeling, Adaptation, and Personalization},
  pages={195--206},
  year={2014},
  publisher={Springer}
}

@article{gomaa2013survey,
  title={A survey of text similarity approaches},
  author={Gomaa, Wael H and Fahmy, Aly A},
  journal={International Journal of Computer Applications},
  volume={68},
  number={13},
  year={2013},
  publisher={Foundation of Computer Science}
}

@book{metzler2007similarity,
  title={Similarity measures for short segments of text},
  author={Metzler, Donald and Dumais, Susan and Meek, Christopher},
  year={2007},
  publisher={Springer}
}

@article{do2009robust,
  title={Robust, light-weight approaches to compute lexical similarity},
  author={Do, Quang and Roth, Dan and Sammons, Mark and Tu, Yuancheng and Vydiswaran, V},
  journal={Computer Science Research and Technical Reports, University of Illinois},
  pages={94},
  year={2009}
}

@inproceedings{bougiatiotis2016content,
  title={Content Representation and Similarity of Movies based on Topic Extraction from Subtitles},
  author={Bougiatiotis, Konstantinos and Giannakopoulos, Theodoros},
  booktitle={Proceedings of the 9th Hellenic Conference on Artificial Intelligence},
  pages={17},
  year={2016},
  organization={ACM}
}


@inproceedings{moreau2008robust,
  title={Robust similarity measures for named entities matching},
  author={Moreau, Erwan and Yvon, Fran{\c{c}}ois and Capp{\'e}, Olivier},
  booktitle={Proceedings of the 22nd International Conference on Computational Linguistics-Volume 1},
  pages={593--600},
  year={2008},
  organization={Association for Computational Linguistics}
}

@inproceedings{kumaran2004text,
  title={Text classification and named entities for new event detection},
  author={Kumaran, Giridhar and Allan, James},
  booktitle={Proceedings of the 27th annual international ACM SIGIR conference on Research and development in information retrieval},
  pages={297--304},
  year={2004},
  organization={ACM}
}

@inproceedings{hoffart2011robust,
  title={Robust disambiguation of named entities in text},
  author={Hoffart, Johannes and Yosef, Mohamed Amir and Bordino, Ilaria and F{\"u}rstenau, Hagen and Pinkal, Manfred and Spaniol, Marc and Taneva, Bilyana and Thater, Stefan and Weikum, Gerhard},
  booktitle={Proceedings of the Conference on Empirical Methods in Natural Language Processing},
  pages={782--792},
  year={2011},
  organization={Association for Computational Linguistics}
}

@article{jin2016bug,
  title={Bug Severity Prediction by Classifying Normal Bugs with Text and Meta-Field Information},
  author={Jin, Kwanghue and Dashbalbar, Amarmend and Yang, Geunseok and Lee, Jung-Won and Lee, Byungjeong},
  year={2016}
}

@inproceedings{yi2010content,
  title={A content based approach for discovering missing anchor text for web search},
  author={Yi, Xing and Allan, James},
  booktitle={Proceedings of the 33rd international ACM SIGIR conference on Research and development in information retrieval},
  pages={427--434},
  year={2010},
  organization={ACM}
}

@article{niyigena2016efficient,
  title={Efficient Document Similarity Detection Using Weighted Phrase Indexing},
  author={Niyigena, Papias and Zuping, Zhang and Khuhro, Mansoor Ahmed and Hanyurwimfura, Damien},
  year={2016}
}

@inproceedings{de2009aspect,
  title={An aspect based document representation for event clustering},
  author={De Smet, Wim and Moens, Marie-Francine},
  booktitle={Proceedings of the 19th Meeting of Computational Linguistics in the Netherlands},
  year={2009},
  organization={CLIN association}
}

@inproceedings{he2004locality,
  title={Locality preserving indexing for document representation},
  author={He, Xiaofei and Cai, Deng and Liu, Haifeng and Ma, Wei-Ying},
  booktitle={Proceedings of the 27th annual international ACM SIGIR conference on Research and development in information retrieval},
  pages={96--103},
  year={2004},
  organization={ACM}
}

@article{arguello2008document,
  title={Document Representation and Query Expansion Models for Blog Recommendation.},
  author={Arguello, Jaime and Elsas, Jonathan L and Callan, Jamie and Carbonell, Jaime G},
  journal={ICWSM},
  volume={2008},
  number={0},
  pages={1},
  year={2008}
}

@article{lebanon2007locally,
  title={The Locally Weighted Bag of Words Framework for Document Representation.},
  author={Lebanon, Guy and Mao, Yi and Dillon, Joshua V},
  journal={Journal of Machine Learning Research},
  volume={8},
  number={10},
  pages={2405--2441},
  year={2007}
}

@inproceedings{ittoo2009ensemble,
  title={Ensemble Similarity Measures for Clustering Terms},
  author={Ittoo, Ashwin and Maruster, Laura},
  booktitle={Computer Science and Information Engineering, 2009 WRI World Congress on},
  volume={4},
  pages={315--319},
  year={2009},
  organization={IEEE}
}

@inproceedings{nourashrafeddin2014ensemble,
  title={An ensemble approach for text document clustering using Wikipedia concepts},
  author={Nourashrafeddin, Seyednaser and Milios, Evangelos and Arnold, Drik V},
  booktitle={Proceedings of the 2014 ACM symposium on Document engineering},
  pages={107--116},
  year={2014},
  organization={ACM}
}

@phdthesis{sabzevari2015ensemble,
  title={Ensemble Learning in the Presence of Noise},
  author={Sabzevari, Maryam},
  year={2015},
  school={Universidad Aut{\'o}noma de Madrid}
}

@inproceedings{treeratpituk2012name,
  title={Name-Ethnicity Classification and Ethnicity-Sensitive Name Matching.},
  author={Treeratpituk, Pucktada and Giles, C Lee},
  booktitle={AAAI},
  year={2012}
}

@inproceedings{gong2009matching,
  title={Matching person names through name transformation},
  author={Gong, Jun and Wang, Lidan and Oard, Douglas W},
  booktitle={Proceedings of the 18th ACM conference on Information and knowledge management},
  pages={1875--1878},
  year={2009},
  organization={ACM}
}

@inproceedings{ambekar2009name,
  title={Name-ethnicity classification from open sources},
  author={Ambekar, Anurag and Ward, Charles and Mohammed, Jahangir and Male, Swapna and Skiena, Steven},
  booktitle={Proceedings of the 15th ACM SIGKDD international conference on Knowledge Discovery and Data Mining},
  pages={49--58},
  year={2009},
  organization={ACM}
}

@inproceedings{khan2006comparison,
  title={A comparison of personal name matching: Techniques and practical issues},
  author={Khan, Asjad M and Mckinley, Kathryn S and Bentzur, Rotem and Feinberg, Daniel and Frampton, Daniel and Guyer, Samuel Z and Hirzel, Martin and Hosking, Antony and Jump, Maria and Lee, Han and others},
  booktitle={in ‘Workshop on Mining Complex Data’(MCD’06), held at IEEE ICDM’06, Hong Kong},
  year={2006}
}

@inproceedings{xu2012combining,
  title={Combining classification with clustering for web person disambiguation},
  author={Xu, Jian and Lu, Qin and Liu, Zhengzhong},
  booktitle={Proceedings of the 21st international conference companion on World Wide Web},
  pages={637--638},
  year={2012},
  organization={ACM}
}

@inproceedings{anagnostopoulos2014scaling,
  title={Scaling out big data missing value imputations: pythia vs. godzilla},
  author={Anagnostopoulos, Christos and Triantafillou, Peter},
  booktitle={Proceedings of the 20th ACM SIGKDD international conference on Knowledge discovery and data mining},
  pages={651--660},
  year={2014},
  organization={ACM}
}

@inproceedings{tran2015multiple,
  title={Multiple imputation for missing data using genetic programming},
  author={Tran, Cao Truong and Zhang, Mengjie and Andreae, Peter},
  booktitle={Proceedings of the 2015 Annual Conference on Genetic and Evolutionary Computation},
  pages={583--590},
  year={2015},
  organization={ACM}
}

@inproceedings{ishioka2013imputation,
  title={Imputation of missing values for unsupervised data using the proximity in random forests},
  author={Ishioka, Tsunenori},
  booktitle={Proceedings of The Fifth International Conference on Mobile, Hybrid, and On-line Learning. Nice, France},
  year={2013}
}

@inproceedings{truong2004learning,
  title={Learning a complex metabolomic dataset using random forests and support vector machines},
  author={Truong, Young and Lin, Xiaodong and Beecher, Chris},
  booktitle={Proceedings of the tenth ACM SIGKDD international conference on Knowledge discovery and data mining},
  pages={835--840},
  year={2004},
  organization={ACM}
}

@article{mavai2014survey,
  title={A Survey and Comparative Study of Different Data Mining Techniques to Implement a Missing Value Estimator System},
  author={Mavai, Ajay Singh and Mishra, Sadhna K},
  year={2014}
}

@inproceedings{ishioka2014investigations,
  title={Investigations into Missing Values Imputation Using Random Forests for Semi-supervised Data},
  author={Ishioka, Tsunenori},
  booktitle={Proceedings of the 16th International Conference on Information Integration and Web-based Applications \& Services},
  pages={296--301},
  year={2014},
  organization={ACM}
}

@article{hsu2003practical,
  title={A practical guide to support vector classification},
  author={Hsu, Chih-Wei and Chang, Chih-Chung and Lin, Chih-Jen and others},
  year={2003}
}

@article{nelwamondo2007missing,
  title={Missing data: A comparison of neural network and expectation maximisation techniques},
  author={Nelwamondo, Fulufhelo V and Mohamed, Shakir and Marwala, Tshilidzi},
  journal={arXiv preprint arXiv:0704.3474},
  year={2007}
}

@inproceedings{abdella2005use,
  title={The use of genetic algorithms and neural networks to approximate missing data in database},
  author={Abdella, Mussa and Marwala, Tshilidzi},
  booktitle={IEEE 3rd International Conference on Computational Cybernetics, 2005. ICCC 2005.},
  pages={207--212},
  year={2005},
  organization={IEEE}
}

@article{tresp1998solution,
  title={A solution for missing data in recurrent neural networks with an application to blood glucose prediction},
  author={Tresp, Volker and Briegel, Thomas},
  journal={Advances in Neural Information Processing Systems},
  pages={971--977},
  year={1998},
  publisher={MORGAN KAUFMANN PUBLISHERS}
}

@inproceedings{christen2006comparison,
  title={A comparison of personal name matching: Techniques and practical issues},
  author={Christen, Peter},
  booktitle={Sixth IEEE International Conference on Data Mining-Workshops (ICDMW'06)},
  pages={290--294},
  year={2006},
  organization={IEEE}
}


@inproceedings{ambekar2009name,
  title={Name-ethnicity classification from open sources},
  author={Ambekar, Anurag and Ward, Charles and Mohammed, Jahangir and Male, Swapna and Skiena, Steven},
  booktitle={Proceedings of the 15th ACM SIGKDD international conference on Knowledge Discovery and Data Mining},
  pages={49--58},
  year={2009},
  organization={ACM}
}

@inproceedings{nomoto2009classifying,
  title={Classifying library catalogue by author profiling},
  author={Nomoto, Tadashi},
  booktitle={Proceedings of the 32nd international ACM SIGIR conference on Research and development in information retrieval},
  pages={644--645},
  year={2009},
  organization={ACM}
}

@inproceedings{buch2015approximate,
  title={Approximate String Matching by End-Users using Active Learning},
  author={B{\"u}ch, Lutz and Andrzejak, Artur},
  booktitle={Proceedings of the 24th ACM International on Conference on Information and Knowledge Management},
  pages={93--102},
  year={2015},
  organization={ACM}
}

@book{srivastava2009text,
  title={Text mining: Classification, clustering, and applications},
  author={Srivastava, Ashok N and Sahami, Mehran},
  year={2009},
  publisher={CRC Press}
}

@article{wang2016non,
  title={Non-uniform Language Detection in Technical Writing},
  author={Wang Jr, Weibo},
  year={2016}
}


@inproceedings{soto2015similarity,
  title={Similarity-based support for text reuse in technical writing},
  author={Soto, Axel J and Mohammad, Abidalrahman and Albert, Andrew and Islam, Aminul and Milios, Evangelos and Doyle, Michael and Minghim, Rosane and Ferreira de Oliveira, Maria Cristina},
  booktitle={Proceedings of the 2015 ACM Symposium on Document Engineering},
  pages={97--106},
  year={2015},
  organization={ACM}
}

@inproceedings{bae2014computing,
  title={Computing paper similarity based on latent dirichlet allocation},
  author={Bae, Duck-Ho and Yoon, Seok-Ho and Eom, Tae-Hwan and Ha, Jiwoon and Hwang, Young-Sup and Kim, Sang-Wook},
  booktitle={Proceedings of the 8th International Conference on Ubiquitous Information Management and Communication},
  pages={77},
  year={2014},
  organization={ACM}
}


@inproceedings{huang2008similarity,
  title={Similarity measures for text document clustering},
  author={Huang, Anna},
  booktitle={Proceedings of the sixth new zealand computer science research student conference (NZCSRSC2008), Christchurch, New Zealand},
  pages={49--56},
  year={2008}
}

@inproceedings{dutta2011real,
  title={A real coded MOGA for mining classification rules with missing attribute values},
  author={Dutta, Dipankar and Dutta, Paramartha},
  booktitle={Proceedings of the 2011 International Conference on Communication, Computing \& Security},
  pages={355--358},
  year={2011},
  organization={ACM}
}

@book{aggarwal2015data,
  title={Data mining: the textbook},
  author={Aggarwal, Charu C},
  year={2015},
  publisher={Springer}
}

@inproceedings{seifzadeh2015short,
  title={Short-Text Clustering using Statistical Semantics},
  author={Seifzadeh, Sepideh and Farahat, Ahmed K and Kamel, Mohamed S and Karray, Fakhri},
  booktitle={Proceedings of the 24th International Conference on World Wide Web},
  pages={805--810},
  year={2015},
  organization={ACM}
}

@inproceedings{lazar2014improving,
  title={Improving the accuracy of duplicate bug report detection using textual similarity measures},
  author={Lazar, Alina and Ritchey, Sarah and Sharif, Bonita},
  booktitle={Proceedings of the 11th Working Conference on Mining Software Repositories},
  pages={308--311},
  year={2014},
  organization={ACM}
}

@inproceedings{devraj2015twitter,
  title={How do Twitter, Wikipedia, and Harrison's principles of medicine describe heart attacks?},
  author={Devraj, Nikhil and Chary, Michael},
  booktitle={Proceedings of the 6th ACM Conference on Bioinformatics, Computational Biology and Health Informatics},
  pages={610--614},
  year={2015},
  organization={ACM}
}

@inproceedings{martinez2014analysis,
  title={Analysis of word co-occurrence in human literature for supporting semantic correspondence discovery},
  author={Martinez-Gil, Jorge and Pichler, Mario},
  booktitle={Proceedings of the 14th International Conference on Knowledge Technologies and Data-driven Business},
  pages={1},
  year={2014},
  organization={ACM}
}

@inproceedings{davison2014p,
  title={P-GTM: privacy-preserving google tri-gram method for semantic text similarity},
  author={Davison, Owen and Mohammad, Abidalrahman and Milios, Evangelos E},
  booktitle={Proceedings of the 2014 ACM symposium on Document engineering},
  pages={81--84},
  year={2014},
  organization={ACM}
}

@inproceedings{araki2014annotation,
  title={An annotation similarity model in passage ranking for historical fact validation},
  author={Araki, Jun and Callan, Jamie},
  booktitle={Proceedings of the 37th international ACM SIGIR conference on Research \& development in information retrieval},
  pages={1111--1114},
  year={2014},
  organization={ACM}
}

@inproceedings{liebman2016capturing,
  title={Capturing Turn-by-Turn Lexical Similarity in Text-Based Communication},
  author={Liebman, Noah and Gergle, Darren},
  booktitle={Proceedings of the 19th ACM Conference on Computer-Supported Cooperative Work \& Social Computing},
  pages={553--559},
  year={2016},
  organization={ACM}
}

@article{islam2008semantic,
  title={Semantic text similarity using corpus-based word similarity and string similarity},
  author={Islam, Aminul and Inkpen, Diana},
  journal={ACM Transactions on Knowledge Discovery from Data (TKDD)},
  volume={2},
  number={2},
  pages={10},
  year={2008},
  publisher={ACM}
}

@book{montgomery2008design,
  title={Design and analysis of experiments},
  author={Montgomery, Douglas C},
  year={2008},
  publisher={John Wiley \& Sons}
}

@inproceedings{mcauliffe2008supervised,
  title={Supervised topic models},
  author={Mcauliffe, Jon D and Blei, David M},
  booktitle={Advances in neural information processing systems},
  pages={121--128},
  year={2008}
}

@article{blei2003latent,
  title={Latent dirichlet allocation},
  author={Blei, David M and Ng, Andrew Y and Jordan, Michael I},
  journal={Journal of machine Learning research},
  volume={3},
  number={Jan},
  pages={993--1022},
  year={2003}
}

@inproceedings{chong2009simultaneous,
  title={Simultaneous image classification and annotation},
  author={Chong, Wang and Blei, David and Li, Fei-Fei},
  booktitle={Computer Vision and Pattern Recognition, 2009. CVPR 2009. IEEE Conference on},
  pages={1903--1910},
  year={2009},
  organization={IEEE}
}

@article{bates2005fitting,
  title={Fitting linear mixed models in R},
  author={Bates, Douglas},
  journal={R news},
  volume={5},
  number={1},
  pages={27--30},
  year={2005}
}

@article{abdi2010tukey,
  title={Tukey’s honestly significant difference (HSD) test},
  author={Abdi, Herv{\'e} and Williams, Lynne J},
  journal={Encyclopedia of Research Design. Thousand Oaks, CA: Sage},
  pages={1--5},
  year={2010}
}

@article{lilliefors1967kolmogorov,
  title={On the Kolmogorov-Smirnov test for normality with mean and variance unknown},
  author={Lilliefors, Hubert W},
  journal={Journal of the American statistical Association},
  volume={62},
  number={318},
  pages={399--402},
  year={1967},
  publisher={Taylor \& Francis Group}
}

@article{kruskal1952use,
  title={Use of ranks in one-criterion variance analysis},
  author={Kruskal, William H and Wallis, W Allen},
  journal={Journal of the American statistical Association},
  volume={47},
  number={260},
  pages={583--621},
  year={1952},
  publisher={Taylor \& Francis}
}

@inproceedings{nemenyi1962distribution,
  title={Distribution-free multiple comparisons},
  author={Nemenyi, Peter},
  booktitle={Biometrics},
  volume={18},
  number={2},
  pages={263},
  year={1962},
  organization={INTERNATIONAL BIOMETRIC SOC 1441 I ST, NW, SUITE 700, WASHINGTON, DC 20005-2210}
}

@techreport{frigyik2010introduction,
  title={Introduction to the dirichlet distribution and related processes. Department of Electrical Engineering, University of Washignton},
  author={Frigyik, Bela A and Kapila, Amol and Gupta, Maya R},
  year={2010},
  institution={UWEETR-2010-0006}
}

@article{hansen1990neural,
  title={Neural network ensembles},
  author={Hansen, Lars Kai and Salamon, Peter},
  journal={IEEE transactions on pattern analysis and machine intelligence},
  volume={12},
  number={10},
  pages={993--1001},
  year={1990},
  publisher={IEEE}
}

@article{jurka2012rtexttools,
  title={RTextTools: Automatic text classification via supervised learning},
  author={Jurka, Timothy P and Collingwood, Loren and Boydstun, Amber and Grossman, Emiliano and van Atteveldt, Wouter},
  journal={R package version},
  volume={1},
  number={9},
  year={2012}
}